@article{bowman2015large,
  title={A large annotated corpus for learning natural language inference},
  author={Bowman, Samuel R and Angeli, Gabor and Potts, Christopher and Manning, Christopher D},
  journal={arXiv preprint arXiv:1508.05326},
  year={2015}
}

@misc{colah2015lstm,
  author = {Christopher Olah},
  title = {{Understanding LSTM Networks}},
  howpublished = "\url{http://colah.github.io/posts/2015-08-Understanding-LSTMs/}",
  year = {2015}
}

@article{hochreiter1997long,
  title={Long short-term memory},
  author={Hochreiter, Sepp and Schmidhuber, J{\"u}rgen},
  journal={Neural computation},
  volume={9},
  number={8},
  pages={1735--1780},
  year={1997},
  publisher={MIT Press}
}

@misc{nikhil2017quora,
  author = {Nikhil Dandekar},
  title = {{Semantic Question Matching with Deep Learning}},
  howpublished = "\url{https://engineering.quora.com/Semantic-Question-Matching-with-Deep-Learning}",
  year = {2017}
}

@inproceedings{pennington2014glove,
  title={Glove: Global Vectors for Word Representation.},
  author={Pennington, Jeffrey and Socher, Richard and Manning, Christopher D},
  booktitle={EMNLP},
  volume={14},
  pages={1532--1543},
  year={2014}
}

@misc{matthew2017quora,
  author = {Matthew Honnibal},
  title = {{Deep text-pair classification with Quora's 2017 question dataset}},
  howpublished = "\url{https://explosion.ai/blog/quora-deep-text-pair-classification}",
  year = {2017}
}

@inproceedings{ji2013discriminative,
  title={Discriminative Improvements to Distributional Sentence Similarity.},
  author={Ji, Yangfeng and Eisenstein, Jacob},
  booktitle={EMNLP},
  pages={891--896},
  year={2013}
}

@article{cheng2015syntax,
  title={Syntax-aware multi-sense word embeddings for deep compositional models of meaning},
  author={Cheng, Jianpeng and Kartsaklis, Dimitri},
  journal={arXiv preprint arXiv:1508.02354},
  year={2015}
}

@inproceedings{fernando2008semantic,
  title={A semantic similarity approach to paraphrase detection},
  author={Fernando, Samuel and Stevenson, Mark},
  booktitle={Proceedings of the 11th Annual Research Colloquium of the UK Special Interest Group for Computational Linguistics},
  pages={45--52},
  year={2008},
  organization={Citeseer}
}

@misc{monik2016lstm,
	author = {Monik Pamecha},
	title = {{A noobâ€™s guide to implementing RNN-LSTM using Tensorflow}},
	howpublished = "\url{http://http://monik.in/a-noobs-guide-to-implementing-rnn-lstm-using-tensorflow/}",
	year = {2016}
}

@inproceedings{socher2011dynamic,
  title={Dynamic Pooling and Unfolding Recursive Autoencoders for Paraphrase Detection.},
  author={Socher, Richard and Huang, Eric H and Pennington, Jeffrey and Ng, Andrew Y and Manning, Christopher D},
  booktitle={NIPS},
  volume={24},
  pages={801--809},
  year={2011}
}

@inproceedings{bogdanova2015detecting,
  title={Detecting Semantically Equivalent Questions in Online User Forums.},
  author={Bogdanova, Dasha and dos Santos, C{\'\i}cero Nogueira and Barbosa, Luciano and Zadrozny, Bianca},
  booktitle={CoNLL},
  volume={123},
  pages={2015},
  year={2015}
}

@misc{pompeyart,
	title={The art of deep learning (applied to NLP)},
	author={Pompey, Pascal},
	howpublished = "\url{https://cs224d.stanford.edu/reports/pascal.pdf}",
	year = {2016}
}